
@article{tolmanwavewatch,
  title = {The {{WAVEWATCH III}}\textregistered{} Development Group (2014), User Manual and System Documentation of {{WAVEWATCH III}}\textregistered{} Version 4.18},
  author = {Tolman, HL and {The WAVEWATCH Dev. Group}},
  journal = {Tech. Note 316, NOAA/NWS/NCEP/MMAB},
  year = {2014}
},

@techreport{chawla2011wavewatch,
  title = {{{WAVEWATCH III}}\textregistered{} hindcasts with Re-Analysis Winds. {{Initial}} Report on Model Setup.},
  author = {Chawla, A and Spindler, D and Tolman, H},
  year = {2011},
  pages = {1--100},
  number = {Contribution No. 291},
  institution = {{NOAA/NWS/NCEP/MMAB, Maryland USA}}
}, 

@techreport{chawla201230,
  title = {30 Year Wave Hindcasts Using {{WAVEWATCH III}}\textregistered{} with {{CFSR}} Winds: Phase 1},
  author = {Chawla, Arun and Spindler, Deanna and Tolman, Hendrik},
  year = {2012},
  institution = {{NOAA/NWS/NCEP/MMAB, Maryland USA}},
  number = {Contribution No. 302}
},

@article{lenee-bluhm_characterizing_2011,
	title = {Characterizing the wave energy resource of the {US} {Pacific} {Northwest}},
	volume = {36},
	issn = {0960-1481},
	url = {http://www.sciencedirect.com/science/article/pii/S0960148111000383},
	doi = {10.1016/j.renene.2011.01.016},
	number = {8},
	urldate = {2011-10-25},
	journal = {Renewable Energy},
	author = {Lenee-Bluhm, Pukha and Paasch, Robert and {\textbackslash}"Ozkan-Haller, H. Tuba},
	month = aug,
	year = {2011},
	keywords = {Wave energy, Wave power, Wave energy conversion, Pacific Northwest, Resource},
	pages = {2106--2119},
	file = {ScienceDirect Snapshot:C\:\\Users\\Garc525\\Zotero\\storage\\AR4F4WQR\\S0960148111000383.html:text/html;ScienceDirect Full Text PDF:C\:\\Users\\Garc525\\Zotero\\storage\\J35TF7HV\\Lenee-Bluhm et al. - 2011 - Characterizing the wave energy resource of the US .pdf:application/pdf}
}

